<?xml version="1.0" encoding="UTF-8"?>
<record xmlns="http://www.loc.gov/MARC21/slim" xmlns:xsi="http://www.w3.org/2001/XMLSchema-instance" xsi:schemaLocation="http://www.loc.gov/MARC21/slim http://www.loc.gov/standards/marcxml/schema/MARC21slim.xsd">
<leader>00000cam a22      a 4500</leader>
<controlfield tag="001">001291160</controlfield>
<controlfield tag="003">NNU</controlfield>
<controlfield tag="005">20140618173648.0</controlfield>
<controlfield tag="008">960712s1890    tu            000 0 ara d</controlfield>
<datafield tag="035" ind1=" " ind2=" ">
<subfield code="a">(OCoLC)35114220</subfield>
</datafield>
<datafield tag="040" ind1=" " ind2=" ">
<subfield code="a">PUL</subfield>
<subfield code="b">eng</subfield>
<subfield code="c">PUL</subfield>
<subfield code="d">DEBBG</subfield>
<subfield code="d">OCLCQ</subfield>
<subfield code="d">OCLCO</subfield>
<subfield code="d">N15</subfield>
</datafield>
<datafield tag="041" ind1="0" ind2=" ">
<subfield code="a">araota</subfield>
</datafield>
<datafield tag="050" ind1=" " ind2="4">
<subfield code="a">PJ6131</subfield>
<subfield code="b">.I2363 1890</subfield>
</datafield>
<datafield tag="084" ind1=" " ind2=" ">
<subfield code="a">EN 2870</subfield>
<subfield code="2">rvk</subfield>
</datafield>
<datafield tag="100" ind1="0" ind2=" ">
<subfield code="a">Şevket Efendi.</subfield>
</datafield>
<datafield tag="245" ind1="1" ind2="0">
<subfield code="6">880-01</subfield>
<subfield code="a">Mukayyed-i sarf cümlesi /</subfield>
<subfield code="c">Şevket Efendinin kalem-i iʼcaz rakam-ı tahrirenelerile tashih olunan ; nüsha-yı nefîsesinden istinsah olunup müşarileyhile efazıl ulemadan Müzellefzade Ahmet Efendi ve Abdülkerim Efendi merhuman asîr il-fehm olan mahallarina müdekkikane yazıilmış oldukları.</subfield>
</datafield>
<datafield tag="246" ind1="1" ind2="6">
<subfield code="a">Marāḥ</subfield>
</datafield>
<datafield tag="260" ind1=" " ind2=" ">
<subfield code="6">880-02</subfield>
<subfield code="a">[Istanbul] :</subfield>
<subfield code="b">Mahmut Bey Matbaası,</subfield>
<subfield code="c">1308 [1890 or 1891]</subfield>
</datafield>
<datafield tag="300" ind1=" " ind2=" ">
<subfield code="a">154 pages ;</subfield>
<subfield code="c">24 cm</subfield>
</datafield>
<datafield tag="336" ind1=" " ind2=" ">
<subfield code="a">text</subfield>
<subfield code="b">txt</subfield>
<subfield code="2">rdacontent</subfield>
</datafield>
<datafield tag="337" ind1=" " ind2=" ">
<subfield code="a">unmediated</subfield>
<subfield code="b">n</subfield>
<subfield code="2">rdamedia</subfield>
</datafield>
<datafield tag="338" ind1=" " ind2=" ">
<subfield code="a">volume</subfield>
<subfield code="b">nc</subfield>
<subfield code="2">rdacarrier</subfield>
</datafield>
<datafield tag="546" ind1=" " ind2=" ">
<subfield code="a">In Arabic; title page in Ottoman Turkish.</subfield>
</datafield>
<datafield tag="600" ind1="1" ind2="0">
<subfield code="a">Ibn Masʻūd, Aḥmad ibn ʻAlī,</subfield>
<subfield code="d">active 13th century.</subfield>
<subfield code="t">Marāḥ al-arwāḥ.</subfield>
</datafield>
<datafield tag="650" ind1=" " ind2="0">
<subfield code="a">Arabic language</subfield>
<subfield code="x">Inflection.</subfield>
</datafield>
<datafield tag="700" ind1="0" ind2=" ">
<subfield code="a">Müzellefzade Ahmet.</subfield>
</datafield>
<datafield tag="700" ind1="0" ind2=" ">
<subfield code="a">Abdülkerim Efendi.</subfield>
</datafield>
<datafield tag="700" ind1="1" ind2="2">
<subfield code="a">Ibn Masʻūd, Aḥmad ibn ʻAlī,</subfield>
<subfield code="d">active 13th century.</subfield>
<subfield code="t">Marāḥ al-arwāḥ.</subfield>
</datafield>
<datafield tag="880" ind1="1" ind2="0">
<subfield code="6">245-01/</subfield>
<subfield code="a">مقيد صرف جمله‌سى.</subfield>
</datafield>
<datafield tag="880" ind1=" " ind2=" ">
<subfield code="6">260-02/</subfield>
<subfield code="a">[Istanbul] :</subfield>
<subfield code="b">محمود بك مطبعه‌سى،</subfield>
<subfield code="c">١٣٠٨.</subfield>
</datafield>
<datafield tag="OWN" ind1=" " ind2=" ">
<subfield code="a">GENERAL</subfield>
</datafield>
<datafield tag="AVA" ind1=" " ind2=" ">
<subfield code="a">NYU50</subfield>
<subfield code="b">BOBST</subfield>
<subfield code="c">Main Collection</subfield>
<subfield code="d">PJ6131 .I2363 1890</subfield>
<subfield code="e">unavailable</subfield>
<subfield code="t">Unavailable</subfield>
<subfield code="f">1</subfield>
<subfield code="g">1</subfield>
<subfield code="h">N</subfield>
<subfield code="i">0</subfield>
<subfield code="j">MAIN</subfield>
</datafield>
</record>
